@online{Cybercrime_financial_loss_in_Germany_2023,
    organization={Statista},
    title={Cybercrime financial loss in Germany 2023},
    url={https://www.statista.com/statistics/1360289/financial-damage-cyber-crimes-germany/},
    urldate={2024-05-19},
    year={2023},
    month={September}
}

@online{Filed_cybercrime_cases_Germany_2022,
    organization={Statista},
    title={Cybercrime financial loss in Germany 2023},
    url={https://www.statista.com/statistics/1360141/cyber-crime-cases-recorded-police-germany/},
    urldate={2024-05-19},
    year={2023},
    month={Juli}
}

@online{Wie_funktioniert_ein_Virtual_Private_Network_VPN,
    organization={Bundesamt für Sicherheit in der Informationstechnik},
    title={Wie funktioniert ein Virtual Private Network (VPN)?},
    url={https://www.bsi.bund.de/DE/Themen/Verbraucherinnen-und-Verbraucher/Informationen-und-Empfehlungen/Cyber-Sicherheitsempfehlungen/Router-WLAN-VPN/Virtual-Private-Networks-VPN/virtual-private-networks-vpn_node.html},
    urldate={2024-05-19}
}

@online{Vergleich_der_besten_VPN-Protokolle_Nord_VPN,
    organization={NordVPN},
    author={Daniel Markuson},
    title={Vergleich der besten VPN-Protokolle – welches ist das schnellste und sicherste?},
    url={https://nordvpn.com/de/blog/vpn-protokolle/},
    urldate={2024-05-19},
    year={2021},
    month={Dezember}
}

@online{Wireguard_Whitepaper,
    title={WireGuard: Next Generation Kernel Network Tunnel},
    author={Jason A. Donenfeld},
    url={https://www.wireguard.com/papers/wireguard.pdf},
    urldate={2024-05-14}
}

@online{Wireguard_Poly1305,
    title={The Poly1305-AES message-authentication code},
    author={Daniel J. Bernstein},
    url={https://cr.yp.to/mac/poly1305-20050329.pdf},
    urldate={2024-05-14},
    date={2005-03-29}
}

@online{Wireguard_ChaCha20,
    title={WireGuard: Next Generation Kernel Network Tunnel},
    author={Daniel J. Bernstein},
    url={https://cr.yp.to/chacha/chacha-20080128.pdf},
    urldate={2024-05-14},
    date={2008-01-28}
}

@online{Wireguard_Curve25519,
    title={Curve25519: new Diffie-Hellman speed records},
    author={Daniel J. Bernstein},
    url={https://cr.yp.to/ecdh/curve25519-20060209.pdf},
    urldate={2024-05-14},
    date={2006-02-09}
}

@misc{Wireguard_installation,
    author = {WireGuard},
    title = {Cross-platform Interface - WireGuard},
    year = {2024},
    url = {https://www.wireguard.com/install},
    urldate = {2024-05-14}
}

@misc{Wireguard_cross_platform,
    author = {WireGuard},
    title = {Cross-platform Interface - WireGuard},
    year = {2024},
    url = {https://www.wireguard.com/xplatform/},
    urldate = {2024-05-14}
}

@misc{BSILagebericht2023,
    title={Die Lage der IT-Sicherheit in Deutschland 2023},
    url={https://www.bsi.bund.de/SharedDocs/Downloads/DE/BSI/Publikationen/Lageberichte/Lagebericht2023.pdf?__blob=publicationFile&v=8},
    urldate={2024-05-10},
    date={2023-11-02}
}

@misc{BSI_Recommendations_and_key_lengths,
    title={BSI TR-02102-1: "Cryptographic Mechanisms: Recommendations and Key Lengths" Version: 2024-1},
    url={https://www.bsi.bund.de/SharedDocs/Downloads/EN/BSI/Publications/TechGuidelines/TG02102/BSI-TR-02102-1.pdf?__blob=publicationFile&v=7},
    urldate={2024-05-15},
    date={2024-02-02},
}

@misc{Wireguard_Embedding,
    title={Embedding WireGuard in Custom Applications},
    url={https://www.wireguard.com/embedding/},
    urldate={2024-05-14},
    date={}
}

@misc{Wireguard_Presentations,
    title={WireGuard Presentations},
    url={https://www.wireguard.com/presentations/},
    urldate={2024-05-15},
    date={}
}

@misc{CloudflareBoringTun,
    title={BoringTun, a userspace WireGuard implementation in Rust},
    author={Vlad Krasnov},
    url={https://blog.cloudflare.com/boringtun-userspace-wireguard-rust/},
    urldate={2024-05-15},
    date={2019-03-27}
}

@misc{OpenBSD_WireGuard,
    title={WireGuard imported into OpenBSD},
    author={Janne Johansson},
    url={https://undeadly.org/cgi?action=article;sid=20200622052207},
    urldate={2024-05-15},
    date={2020-06-21}
}

@misc{Unifi_Wireguard,
    title={UniFi Gateway - WireGuard VPN Server},
    url={https://help.ui.com/hc/en-us/articles/115005445768-UniFi-Gateway-WireGuard-VPN-Server},
    urldate={2024-05-15},
    date={}
}

@misc{AVM_Wireguard,
    title={WireGuard: VPN war nie so einfach},
    url={https://avm.de/aktuelles/2022/wireguard-vpn-war-nie-so-einfach/},
    urldate={2024-05-15},
    date={2022-06-02}
}

@misc{Mullvad_Wireguard,
    title={Why WireGuard?},
    url={https://mullvad.net/en/help/why-wireguard},
    urldate={2024-05-14},
    date={2024-04-25}
}

@misc{NordLynx,
    title={Was ist NordLynx? Alles, was du dazu wissen musst},
    author={Werner Beckmann},
    url={https://nordvpn.com/de/blog/was-ist-nordlynx/},
    urldate={2024-05-15},
    date={Feb 29, 2024}
}

@misc{Tailscale,
    title={Tailscale · Best VPN Service for Secure Networks},
    url={https://tailscale.com/},
    urldate={2024-05-15},
    date={}
}

@misc{ZeroTier,
    title={ZeroTier - Global Area Networking},
    url={https://www.zerotier.com/},
    urldate={2024-05-15},
    date={}
}

@misc{ESPHome_Wireguard,
    title={WireGuard Component},
    url={https://esphome.io/components/wireguard.html},
    urldate={2024-05-15},
    date={}
}

@INPROCEEDINGS{IoT_OpenVPN_Raspberry,
  author={Romero Goyzueta, Christian Augusto and Cruz De La Cruz, Jose Emmanuel and Cahuana, Cristian Delgado},
  booktitle={2021 International Conference on Electrical, Computer, Communications and Mechatronics Engineering (ICECCME)}, 
  title={VPNoT: End to End Encrypted Tunnel Based on OpenVPN and Raspberry Pi for IoT Security}, 
  year={2021},
  volume={},
  number={},
  pages={1-5},
  keywords={Costs;Linux;Authentication;Media;Logic gates;Virtual private networks;Sensors;iot;encryption;tunnel;openvpn;vpn;confidentiality;integrity;raspberry pi;security;transport layer security;vpnot},
  doi={10.1109/ICECCME52200.2021.9590832}}


@online{Statista_IoT_Devices_2030,
    organization={Transforma Insights & Exploding Topics},
    title={Anzahl der mit dem Internet der Dinge (IoT) verbundenen Geräte weltweit von 2019 bis 2030 (in Milliarden) [Graph]},
    url={https://de.statista.com/statistik/daten/studie/1420315/umfrage/anzahl-der-iot-geraete-weltweit/},
    urldate={2024-05-19},
    date={2023-07-01}
}

@misc{BSI_VPN_10,
    title={Aufbau von Virtual Private Networks (VPN) und Integration in Sicherheitsgateways},
    url={https://www.bsi.bund.de/SharedDocs/Downloads/DE/BSI/Internetsicherheit/vpn_pdf.pdf?__blob=publicationFile},
    urldate={2024-10-16},
    year={2006}
}

@misc{OpenVPN_Security_Advisories,
    title={OpenVPN Security Advisories},
    url={https://openvpn.net/security-advisories/},
    urldate={2024-10-16}
}

@article{Lyu2022,
  title = {A Survey on DNS Encryption: Current Development,  Malware Misuse,  and Inference Techniques},
  volume = {55},
  ISSN = {1557-7341},
  url = {http://dx.doi.org/10.1145/3547331},
  DOI = {10.1145/3547331},
  number = {8},
  journal = {ACM Computing Surveys},
  publisher = {Association for Computing Machinery (ACM)},
  author = {Lyu,  Minzhao and Gharakheili,  Hassan Habibi and Sivaraman,  Vijay},
  year = {2022},
  month = dec,
  pages = {1–28}
}

@misc{NordVPN_KillSwitch,
    title={NordVPNs automatischer Kill Switch},
    url={https://nordvpn.com/de/features/vpn-kill-switch/},
    urldate={2024-05-16},
    date = {}
}

@misc{NordVPN_KillSwitch,
    title={NordVPNs automatischer Kill Switch},
    url={https://nordvpn.com/de/features/vpn-kill-switch/},
    urldate={2024-05-16},
    date = {}
}

@misc{OpenVPN_KillSwitch,
    title={VPN Kill Switch for OpenVPN Connect Now Available},
    url={https://openvpn.net/blog/vpn-kill-switch/},
    urldate={2024-05-16},
    date={2021-11-18}
}

@INPROCEEDINGS{IoT_Security_and_privacy_in_IoT_Networks,
  author={Schurgot, Mary R. and Shinberg, David A. and Greenwald, Lloyd G.},
  booktitle={2015 IEEE 16th International Symposium on A World of Wireless, Mobile and Multimedia Networks (WoWMoM)}, 
  title={Experiments with security and privacy in IoT networks}, 
  year={2015},
  volume={},
  number={},
  pages={1-6},
  keywords={Servers;Virtual private networks;Home automation;Privacy;Robot sensing systems;IP networks;Delays;IoT;Internet of Things;privacy;network security;home automation},
  doi={10.1109/WoWMoM.2015.7158207}}

@misc{tailscale202_how_it_works,
    title = {How Tailscale works},
    url = {https://tailscale.com/blog/how-tailscale-works},
    urldate={2024-05-16},
    date={2020-03-20},
    author={Avery Pennarun},
    organization = {Tailscale}
}